% These citation is formated by Bard, according to the original pdf format.

@inproceedings{McCarthy1958,
  author = {McCarthy, John},
  title = {Programs with Common Sense},
  booktitle = {Proceedings of the Symposium on the Mechanization of Thought Processes},
  year = {1958},
  publisher = {H. M. Stationery Office},
  location = {National Physical Laboratory, Teddington, England},
  date = {November 24-27},
}

@inproceedings{Newell1957,
  author = {Newell, Allen and Shaw, John C.},
  title = {Programming the Logic Theory Machine},
  booktitle = {Proceedings of the Western Joint Computer Conference},
  year = {1957},
  publisher = {ACM},
  location = {Los Angeles, California},
  date = {February},
}

@book{Church1941,
  author = {Church, Alonzo},
  title = {The Calculi of Lambda-Conversion},
  publisher = {Princeton University Press},
  location = {Princeton, New Jersey},
  year = {1941},
}

@manual{FORTRAN1956,
  author = {IBM Corporation},
  title = {FORTRAN Programmerâ€™s Reference Manual},
  year = {1956},
  location = {New York},
}

@article{Perlis1958,
  author = {Perlis, Alfred J. and Sameson, Kenneth},
  title = {International algebraic language, Preliminary Report},
  journal = {Communications of the Association for Computing Machinery},
  year = {1958},
  volume = {1},
  number = {6},
  pages = {368-371},
}
